<record><leader>00000cas a2200000 a 4500</leader><controlfield tag="001">39886571</controlfield><controlfield tag="008">980917c19989999nyubr ne     f0    0eng c</controlfield><datafield ind1=" " ind2=" " tag="010"><subfield code="a">sn 99042531 </subfield></datafield><datafield ind1=" " ind2=" " tag="040"><subfield code="a">VVC</subfield><subfield code="b">eng</subfield><subfield code="c">VVC</subfield><subfield code="d">NYG</subfield><subfield code="d">NYS</subfield><subfield code="d">OCLCQ</subfield><subfield code="d">ZP2</subfield><subfield code="d">OCLCQ</subfield><subfield code="d">OCLCF</subfield><subfield code="d">OCLCO</subfield><subfield code="d">OCLCA</subfield></datafield><datafield ind1=" " ind2=" " tag="012"><subfield code="i">9904</subfield></datafield><datafield ind1="1" ind2=" " tag="029"><subfield code="a">AU@</subfield><subfield code="b">000020107269</subfield></datafield><datafield ind1=" " ind2=" " tag="042"><subfield code="a">pcc</subfield></datafield><datafield ind1=" " ind2=" " tag="043"><subfield code="a">n-us-ny</subfield></datafield><datafield ind1=" " ind2=" " tag="090"><subfield code="a">F99.O45</subfield><subfield code="b">O54</subfield></datafield><datafield ind1=" " ind2=" " tag="092"><subfield code="a">970.00497</subfield><subfield code="b">fO58</subfield></datafield><datafield ind1="0" ind2="4" tag="245"><subfield code="a">The Oneida :</subfield><subfield code="b">the Oneida Indian Nation news = Onyota a ka /</subfield><subfield code="c">Oneida Indian Nation.</subfield></datafield><datafield ind1="3" ind2="1" tag="246"><subfield code="a">Onyota a ka</subfield></datafield><datafield ind1=" " ind2=" " tag="260"><subfield code="a">Vernon, NY :</subfield><subfield code="b">The Nation,</subfield><subfield code="c">1998-</subfield></datafield><datafield ind1=" " ind2=" " tag="300"><subfield code="a">v. :</subfield><subfield code="b">ill. (some col.) ;</subfield><subfield code="c">38 cm.</subfield></datafield><datafield ind1=" " ind2=" " tag="310"><subfield code="a">Bimonthly,</subfield><subfield code="b">&lt;Aug. &amp; Sept. 2000&gt;</subfield></datafield><datafield ind1=" " ind2=" " tag="321"><subfield code="a">Biweekly,</subfield><subfield code="b">Jan. 28, 1998-&lt;Mar. 10, 1999&gt;</subfield></datafield><datafield ind1="0" ind2=" " tag="362"><subfield code="a">Vol. 1, issue 1 (Jan. 28, 1998)-</subfield></datafield><datafield ind1=" " ind2=" " tag="500"><subfield code="a">Title from caption.</subfield></datafield><datafield ind1=" " ind2=" " tag="550"><subfield code="a">Official publication of the Oneida Indian Nation.</subfield></datafield><datafield ind1=" " ind2=" " tag="580"><subfield code="a">Formed by the union of: Oneida Indian Nation [newsletter], and: All for one.</subfield></datafield><datafield ind1=" " ind2=" " tag="588"><subfield code="a">Latest issue consulted: Vol. 6, no. 6 (July/Aug., 2003).</subfield></datafield><datafield ind1=" " ind2="0" tag="651"><subfield code="a">Oneida Nation of New York</subfield><subfield code="v">Newspapers.</subfield></datafield><datafield ind1=" " ind2="0" tag="650"><subfield code="a">Oneida Indians</subfield><subfield code="v">Newspapers.</subfield></datafield><datafield ind1=" " ind2="0" tag="650"><subfield code="a">Indians of North America</subfield><subfield code="z">New York (State)</subfield><subfield code="v">Newspapers.</subfield></datafield><datafield ind1=" " ind2="0" tag="651"><subfield code="a">Oneida County (N.Y.)</subfield><subfield code="v">Newspapers.</subfield></datafield><datafield ind1=" " ind2="0" tag="651"><subfield code="a">Vernon (N.Y.)</subfield><subfield code="v">Newspapers.</subfield></datafield><datafield ind1=" " ind2="7" tag="655"><subfield code="a">Newspapers.</subfield><subfield code="2">fast</subfield><subfield code="0">(OCoLC)fst01423814</subfield></datafield><datafield ind1="2" ind2="7" tag="610"><subfield code="a">Oneida Nation of New York.</subfield><subfield code="2">fast</subfield><subfield code="0">(OCoLC)fst01715471</subfield></datafield><datafield ind1=" " ind2="7" tag="650"><subfield code="a">Indians of North America.</subfield><subfield code="2">fast</subfield><subfield code="0">(OCoLC)fst00969633</subfield></datafield><datafield ind1=" " ind2="7" tag="650"><subfield code="a">Oneida Indians.</subfield><subfield code="2">fast</subfield><subfield code="0">(OCoLC)fst01045855</subfield></datafield><datafield ind1=" " ind2="7" tag="651"><subfield code="a">New York (State)</subfield><subfield code="2">fast</subfield><subfield code="0">(OCoLC)fst01210280</subfield></datafield><datafield ind1=" " ind2="7" tag="651"><subfield code="a">New York (State)</subfield><subfield code="z">Oneida County.</subfield><subfield code="2">fast</subfield><subfield code="0">(OCoLC)fst01209049</subfield></datafield><datafield ind1=" " ind2="7" tag="651"><subfield code="a">New York (State)</subfield><subfield code="z">Vernon.</subfield><subfield code="2">fast</subfield><subfield code="0">(OCoLC)fst01234261</subfield></datafield><datafield ind1="1" ind2=" " tag="710"><subfield code="a">Oneida Nation of New York.</subfield></datafield><datafield ind1=" " ind2=" " tag="752"><subfield code="a">United States</subfield><subfield code="b">New York</subfield><subfield code="c">Oneida</subfield><subfield code="d">Vernon.</subfield></datafield><datafield ind1="1" ind2="4" tag="780"><subfield code="t">Oneida Indian Nation : [newsletter]</subfield><subfield code="w">(DLC)sn 95040652</subfield><subfield code="w">(OCoLC)32043014</subfield></datafield><datafield ind1="1" ind2="4" tag="780"><subfield code="t">All for one</subfield></datafield><datafield ind1=" " ind2=" " tag="850"><subfield code="a">N</subfield></datafield></record>